<?xml version="1.0" encoding="UTF-8"?><collection xmlns="http://www.loc.gov/MARC21/slim"><record><leader>00575nam--2200205-u-4500</leader><controlfield tag="001">000053486</controlfield><controlfield tag="002">20161230</controlfield><controlfield tag="005">20161230201051</controlfield><controlfield tag="008">110407s1000------------r-----000-0-eng-d</controlfield><datafield ind1=" " ind2=" " tag="020"><subfield code="a">9780387986791</subfield></datafield><datafield ind1=" " ind2=" " tag="040"><subfield code="a">IFIN-HH</subfield></datafield><datafield ind1=" " ind2=" " tag="080"><subfield code="a">548.(56:12)</subfield></datafield><datafield ind1="1" ind2=" " tag="100"><subfield code="a">Kitzerow, Heinz-siegfried</subfield></datafield><datafield ind1="1" ind2="0" tag="245"><subfield code="a">Chirality in liquid crystals</subfield><subfield code="b">Foreword by</subfield><subfield code="c">Heinz-siegfried kitzerow; christian bahr (eds.)</subfield></datafield><datafield ind1=" " ind2=" " tag="260"><subfield code="a">New York</subfield><subfield code="b">Springer</subfield><subfield code="c">2001</subfield></datafield><datafield ind1=" " ind2=" " tag="300"><subfield code="a">501P</subfield></datafield><datafield ind1=" " ind2=" " tag="490"><subfield code="a">Partially Ordered Systems</subfield></datafield><datafield ind1=" " ind2="4" tag="650"><subfield code="a">Paticles - Chirality</subfield></datafield><datafield ind1="1" ind2=" " tag="700"><subfield code="a">Bahr, Christian</subfield></datafield><datafield ind1=" " ind2=" " tag="852"><subfield code="a">82120</subfield></datafield></record></collection>